<record><leader>00000cas a2200000 a 4500</leader><controlfield tag="001">30843200</controlfield><controlfield tag="008">940728d19041907iluwr ne      0    0eng c</controlfield><datafield ind1=" " ind2=" " tag="010"><subfield code="a">sn 94054439 </subfield></datafield><datafield ind1=" " ind2=" " tag="040"><subfield code="a">NVF</subfield><subfield code="b">eng</subfield><subfield code="c">NVF</subfield><subfield code="d">OCLCQ</subfield><subfield code="d">CVF</subfield><subfield code="d">NVF</subfield><subfield code="d">OCLCQ</subfield><subfield code="d">OCLCF</subfield><subfield code="d">OCLCO</subfield></datafield><datafield ind1=" " ind2=" " tag="019"><subfield code="a">33476200</subfield></datafield><datafield ind1="1" ind2=" " tag="029"><subfield code="a">AU@</subfield><subfield code="b">000023762220</subfield></datafield><datafield ind1=" " ind2=" " tag="042"><subfield code="a">pcc</subfield></datafield><datafield ind1=" " ind2=" " tag="043"><subfield code="a">n-us-il</subfield></datafield><datafield ind1="0" ind2="0" tag="245"><subfield code="a">Highland Park news-letter.</subfield></datafield><datafield ind1="3" ind2=" " tag="246"><subfield code="a">Highland Park newsletter</subfield></datafield><datafield ind1=" " ind2=" " tag="260"><subfield code="a">Highland Park, Ill. :</subfield><subfield code="b">Sheridan Road Pub. Co.,</subfield><subfield code="c">1904-1907.</subfield></datafield><datafield ind1=" " ind2=" " tag="300"><subfield code="a">v.</subfield></datafield><datafield ind1=" " ind2=" " tag="310"><subfield code="a">Weekly</subfield></datafield><datafield ind1="0" ind2=" " tag="362"><subfield code="a">Vol. 16, no. 24 (Nov. 12, 1904)-v. 20, no. 32 (Aug. 10, 1907).</subfield></datafield><datafield ind1=" " ind2="0" tag="651"><subfield code="a">Highland Park (Ill.)</subfield><subfield code="v">Newspapers.</subfield></datafield><datafield ind1=" " ind2="7" tag="655"><subfield code="a">Newspapers.</subfield><subfield code="2">fast</subfield><subfield code="0">(OCoLC)fst01423814</subfield></datafield><datafield ind1=" " ind2="7" tag="651"><subfield code="a">Illinois</subfield><subfield code="z">Highland Park.</subfield><subfield code="2">fast</subfield><subfield code="0">(OCoLC)fst01209967</subfield></datafield><datafield ind1=" " ind2=" " tag="752"><subfield code="a">United States</subfield><subfield code="b">Illinois</subfield><subfield code="c">Lake</subfield><subfield code="d">Highland Park.</subfield></datafield><datafield ind1="0" ind2="0" tag="780"><subfield code="t">Sheridan Road news-letter</subfield><subfield code="w">(DLC)sn 94054438</subfield><subfield code="w">(OCoLC)30843160</subfield></datafield><datafield ind1="0" ind2="0" tag="785"><subfield code="t">North Shore news-letter</subfield><subfield code="w">(DLC)sn 94054440</subfield><subfield code="w">(OCoLC)30843226</subfield></datafield></record>